<record><leader>00000cas a22000007a 4500</leader><controlfield tag="001">12842576</controlfield><controlfield tag="008">851125d190719uualuwr ne      0    0eng d</controlfield><datafield ind1=" " ind2=" " tag="010"><subfield code="a">sn 85045077 </subfield></datafield><datafield ind1=" " ind2=" " tag="040"><subfield code="a">AAR</subfield><subfield code="b">eng</subfield><subfield code="c">AAR</subfield><subfield code="d">CPN</subfield><subfield code="d">OCLCQ</subfield></datafield><datafield ind1=" " ind2=" " tag="042"><subfield code="a">msc</subfield></datafield><datafield ind1="0" ind2="4" tag="245"><subfield code="a">The Opp era.</subfield></datafield><datafield ind1=" " ind2=" " tag="260"><subfield code="a">Opp, Ala. :</subfield><subfield code="b">E.E. Johnston</subfield></datafield><datafield ind1=" " ind2=" " tag="300"><subfield code="a">v. :</subfield><subfield code="b">ill. ;</subfield><subfield code="c">56 cm.</subfield></datafield><datafield ind1=" " ind2=" " tag="310"><subfield code="a">Weekly</subfield></datafield><datafield ind1=" " ind2=" " tag="500"><subfield code="a">Editor: E.E. Johnston.</subfield></datafield><datafield ind1=" " ind2=" " tag="588"><subfield code="a">Description based on: Vol. 1, no. 16 (Sept. 20, 1907).</subfield></datafield><datafield ind1=" " ind2=" " tag="752"><subfield code="a">United States</subfield><subfield code="b">Alabama</subfield><subfield code="c">Covington</subfield><subfield code="d">Opp.</subfield></datafield><datafield ind1="1" ind2=" " tag="029"><subfield code="a">AU@</subfield><subfield code="b">000025834035</subfield></datafield></record>